<?xml version="1.0" encoding="UTF-8"?><record xmlns="http://www.loc.gov/MARC21/slim" xmlns:cinclude="http://apache.org/cocoon/include/1.0" xmlns:zs="http://www.loc.gov/zing/srw/">
  <leader>00395nz  a2200133n  4500</leader>
  <controlfield tag="001">no2004050528</controlfield>
  <controlfield tag="003">DLC</controlfield>
  <controlfield tag="005">20040527052111.0</controlfield>
  <controlfield tag="008">040526n| acannaab           |n aaa     c</controlfield>
  <datafield tag="010" ind1=" " ind2=" ">
    <subfield code="a">no2004050528</subfield>
  </datafield>
  <datafield tag="035" ind1=" " ind2=" ">
    <subfield code="a">(OCoLC)oca06356192</subfield>
  </datafield>
  <datafield tag="040" ind1=" " ind2=" ">
    <subfield code="a">NjP</subfield>
    <subfield code="b">eng</subfield>
    <subfield code="c">NjP</subfield>
  </datafield>
  <datafield tag="100" ind1="1" ind2=" ">
    <subfield code="a">Canney, H. E. Leigh</subfield>
  </datafield>
  <datafield tag="670" ind1=" " ind2=" ">
    <subfield code="a">The winter meteorology of Egypt and its influence on disease, 1897:</subfield>
    <subfield code="b">t.p. (H.E. Leigh Canney, M.D.)</subfield>
  </datafield>
</record>